@inbook{mommsen2002naa,
  title={Naturwissenschaftliche Keramikanalysen durch Neutronenaktivierung (NAA): Methode und Ergebnisse},
  chapter=2,
  booktitle={Töpferzentren der Ostägäis},
  author={Mommsen, H.},
  editor={Krinzinger, F.},
  series={Ergänzungshefte zu den Jahresheften des Österreichischen Archäologischen Institutes},
  number={3},
  year={2002},
  publisher={Österreichisches Archäologisches Institut},
  location={Wien}
}
@Inbook{Glascock2014,
author="Glascock, Michael D.",
editor="Smith, Claire",
booktitle="Encyclopedia of Global Archaeology",
title="Neutron Activation Analysis (NAA)",
subtitle={Applications in Archaeology},
year="2014",
publisher="Springer-Verlag",
location="New York",
pages="5239--5247"
}
@book{mommsen1986archäometrie,
  title={Archäometrie},
  subtitle={Neuere naturwissenschaftliche Methoden und Erfolge in der Archäologie},
  author={Mommsen, H.},
  year={1986},
  location={Stuttgart},
  publisher={Teubner}
}
@book{verma2007atomic,
  title={Atomic and Nuclear Analytical Methods},
  subtitle={XRF, M{\"o}ssbauer, XPS, NAA and Ion-Beam Spectroscopic Techniques},
  author={Verma, H.R.},
  year={2007},
  location={Berlin},
  publisher={Springer}
}
